@inproceedings{Dashdavaa2013,
author = {Dashdavaa, Khureltulga and Date, Susumu and Yamanaka, Hiroaki and Kawai, Eiji and Watashiba, Yasuhiro and Ichikawa, Kohei and Abe, Hirotake and Shimojo, Shinji},
booktitle = {UCHPC2013: The 6th Workshop on UnConventional High Performance Computing},
mendeley-groups = {Bachelor Thesis,IPSJ OS},
title = {{Architecture of a High-speed MPI{\_}Bcast Leveraging Software-Defined Network}},
year = {2013}
}

@inproceedings{Takahashi2014,
author = {Takahashi, Keichi and Khureltulga, Dashdavaa and Watashiba, Yasuhiro and Kido, Yoshiyuki and Date, Susumu and Shimojo, Shinji},
booktitle = {International Conference on High Performance Computing {\&} Simulation, HPCS 2014, Bologna, Italy, 21-25 July, 2014},
doi = {10.1109/HPCSim.2014.6903768},
mendeley-groups = {MPI},
pages = {784--792},
publisher = {IEEE},
title = {{Performance evaluation of SDN-enhanced MPI{\_}Allreduce on a cluster system with fat-tree interconnect}},
url = {http://dx.doi.org/10.1109/HPCSim.2014.6903768},
year = {2014}
}

@misc{sdn,
author = {{Open Networking Foundation}},
mendeley-groups = {Bachelor Thesis,IPSJ OS},
title = {{Software-Defined Networking: The New Norm for Networks}},
url = {https://www.opennetworking.org/images/stories/downloads/sdn-resources/white-papers/wp-sdn-newnorm.pdf},
urldate = {2014-02-02},
year = {2012}
}
